%YAML 1.1
%TAG !u! tag:unity3d.com,2011:
--- !u!1 &5290339381750026489
GameObject:
  m_ObjectHideFlags: 0
  m_CorrespondingSourceObject: {fileID: 0}
  m_PrefabInstance: {fileID: 0}
  m_PrefabAsset: {fileID: 0}
  serializedVersion: 6
  m_Component:
  - component: {fileID: 5741656053732822027}
  - component: {fileID: 3508402625884928238}
  - component: {fileID: 2906879857300015553}
  - component: {fileID: 132260985128130102}
  - component: {fileID: 6813763215662585498}
  - component: {fileID: 2008431869677453903}
  - component: {fileID: 6293110549889537797}
  m_Layer: 0
  m_Name: ORDERzPuzzleBook
  m_TagString: Untagged
  m_Icon: {fileID: 0}
  m_NavMeshLayer: 0
  m_StaticEditorFlags: 4294967295
  m_IsActive: 1
--- !u!4 &5741656053732822027
Transform:
  m_ObjectHideFlags: 0
  m_CorrespondingSourceObject: {fileID: 0}
  m_PrefabInstance: {fileID: 0}
  m_PrefabAsset: {fileID: 0}
  m_GameObject: {fileID: 5290339381750026489}
  m_LocalRotation: {x: 0, y: 0, z: 0, w: 1}
  m_LocalPosition: {x: 42.721195, y: 35.853348, z: 0}
  m_LocalScale: {x: 1.4285713, y: 1.4285713, z: 1}
  m_Children: []
  m_Father: {fileID: 0}
  m_RootOrder: 0
  m_LocalEulerAnglesHint: {x: 0, y: 0, z: 0}
--- !u!212 &3508402625884928238
SpriteRenderer:
  m_ObjectHideFlags: 0
  m_CorrespondingSourceObject: {fileID: 0}
  m_PrefabInstance: {fileID: 0}
  m_PrefabAsset: {fileID: 0}
  m_GameObject: {fileID: 5290339381750026489}
  m_Enabled: 1
  m_CastShadows: 0
  m_ReceiveShadows: 0
  m_DynamicOccludee: 1
  m_MotionVectors: 1
  m_LightProbeUsage: 1
  m_ReflectionProbeUsage: 1
  m_RenderingLayerMask: 1
  m_RendererPriority: 0
  m_Materials:
  - {fileID: 10754, guid: 0000000000000000f000000000000000, type: 0}
  m_StaticBatchInfo:
    firstSubMesh: 0
    subMeshCount: 0
  m_StaticBatchRoot: {fileID: 0}
  m_ProbeAnchor: {fileID: 0}
  m_LightProbeVolumeOverride: {fileID: 0}
  m_ScaleInLightmap: 1
  m_PreserveUVs: 0
  m_IgnoreNormalsForChartDetection: 0
  m_ImportantGI: 0
  m_StitchLightmapSeams: 0
  m_SelectedEditorRenderState: 0
  m_MinimumChartSize: 4
  m_AutoUVMaxDistance: 0.5
  m_AutoUVMaxAngle: 89
  m_LightmapParameters: {fileID: 0}
  m_SortingLayerID: 335619707
  m_SortingLayer: 2
  m_SortingOrder: 1
  m_Sprite: {fileID: 21300278, guid: 755d0e1450348a54aa4c8ecb4d07ed91, type: 3}
  m_Color: {r: 1, g: 1, b: 1, a: 1}
  m_FlipX: 0
  m_FlipY: 0
  m_DrawMode: 0
  m_Size: {x: 1.5, y: 1.40625}
  m_AdaptiveModeThreshold: 0.5
  m_SpriteTileMode: 0
  m_WasSpriteAssigned: 1
  m_MaskInteraction: 0
  m_SpriteSortPoint: 1
--- !u!114 &2906879857300015553
MonoBehaviour:
  m_ObjectHideFlags: 0
  m_CorrespondingSourceObject: {fileID: 0}
  m_PrefabInstance: {fileID: 0}
  m_PrefabAsset: {fileID: 0}
  m_GameObject: {fileID: 5290339381750026489}
  m_Enabled: 1
  m_EditorHideFlags: 0
  m_Script: {fileID: 11500000, guid: dd7647edc6a4d0546a6540e9c7490199, type: 3}
  m_Name: 
  m_EditorClassIdentifier: 
  InteractionDistance: 2.5
  IgnoreInteractionDistance: 0
  OneTimeUse: 0
  Interacted: 0
  PostInteractSprite: {fileID: 21300136, guid: 755d0e1450348a54aa4c8ecb4d07ed91, type: 3}
  InteractSound: {fileID: 0}
  CustomRenderer: {fileID: 3508402625884928238}
--- !u!61 &132260985128130102
BoxCollider2D:
  m_ObjectHideFlags: 0
  m_CorrespondingSourceObject: {fileID: 0}
  m_PrefabInstance: {fileID: 0}
  m_PrefabAsset: {fileID: 0}
  m_GameObject: {fileID: 5290339381750026489}
  m_Enabled: 1
  m_Density: 1
  m_Material: {fileID: 0}
  m_IsTrigger: 1
  m_UsedByEffector: 0
  m_UsedByComposite: 0
  m_Offset: {x: 0, y: 0.2682228}
  m_SpriteTilingProperty:
    border: {x: 0, y: 0, z: 0, w: 0}
    pivot: {x: 0.5, y: 0.5}
    oldSize: {x: 1.5, y: 1.40625}
    newSize: {x: 1.5, y: 1.40625}
    adaptiveTilingThreshold: 0.5
    drawMode: 0
    adaptiveTiling: 0
  m_AutoTiling: 0
  serializedVersion: 2
  m_Size: {x: 1.5, y: 0.8698044}
  m_EdgeRadius: 0
--- !u!68 &6813763215662585498
EdgeCollider2D:
  m_ObjectHideFlags: 0
  m_CorrespondingSourceObject: {fileID: 0}
  m_PrefabInstance: {fileID: 0}
  m_PrefabAsset: {fileID: 0}
  m_GameObject: {fileID: 5290339381750026489}
  m_Enabled: 1
  m_Density: 1
  m_Material: {fileID: 0}
  m_IsTrigger: 0
  m_UsedByEffector: 0
  m_UsedByComposite: 0
  m_Offset: {x: 0, y: 0}
  m_EdgeRadius: 0
  m_Points:
  - {x: -0.75, y: 0}
  - {x: 0.75, y: 0}
--- !u!114 &2008431869677453903
MonoBehaviour:
  m_ObjectHideFlags: 0
  m_CorrespondingSourceObject: {fileID: 0}
  m_PrefabInstance: {fileID: 0}
  m_PrefabAsset: {fileID: 0}
  m_GameObject: {fileID: 5290339381750026489}
  m_Enabled: 1
  m_EditorHideFlags: 0
  m_Script: {fileID: 11500000, guid: 13c9457da2c8be842ab193eb612a2523, type: 3}
  m_Name: 
  m_EditorClassIdentifier: 
  SpawnPoints:
  - {x: 0, y: 3}
  - {x: 2, y: 3}
  - {x: -2, y: 3}
  - {x: -4, y: 3}
  - {x: 4, y: 3}
  - {x: -6, y: 3}
  - {x: 6, y: 3}
  TriggerObject: {fileID: 114117264839131450, guid: 6312629aec364ac4ab1ebe43bb19268f,
    type: 3}
  RewardChest: {fileID: 114151843801001292, guid: 26941c2c30c41fd4eae149157469d82d,
    type: 3}
  ReversePuzzle: 0
  PuzzleMode: 1
  CluePhraseTable: {fileID: 11400000, guid: 2bbc8b1317f6eb14593d93cd2622ec63, type: 2}
  TriggerSubjects: []
  TriggerFlagList: 
  BitSolution: 
  PlaqueToolTip: hello
--- !u!114 &6293110549889537797
MonoBehaviour:
  m_ObjectHideFlags: 0
  m_CorrespondingSourceObject: {fileID: 0}
  m_PrefabInstance: {fileID: 0}
  m_PrefabAsset: {fileID: 0}
  m_GameObject: {fileID: 5290339381750026489}
  m_Enabled: 1
  m_EditorHideFlags: 0
  m_Script: {fileID: 11500000, guid: d43236c7ecce88845868f9be6c4af072, type: 3}
  m_Name: 
  m_EditorClassIdentifier: 
  TooltipText: 
  Tooltipbox: {fileID: 0}
  UIText: {fileID: 0}
  UseInteract: 1
