%YAML 1.1
%TAG !u! tag:unity3d.com,2011:
--- !u!1 &1429133628841694
GameObject:
  m_ObjectHideFlags: 0
  m_CorrespondingSourceObject: {fileID: 0}
  m_PrefabInstance: {fileID: 0}
  m_PrefabAsset: {fileID: 0}
  serializedVersion: 6
  m_Component:
  - component: {fileID: 4341093155483038}
  - component: {fileID: 212085290688193466}
  - component: {fileID: 61098060578350550}
  - component: {fileID: 114580843796607018}
  - component: {fileID: 114352621418333374}
  m_Layer: 0
  m_Name: TestSword
  m_TagString: Weapon
  m_Icon: {fileID: 0}
  m_NavMeshLayer: 0
  m_StaticEditorFlags: 0
  m_IsActive: 1
--- !u!4 &4341093155483038
Transform:
  m_ObjectHideFlags: 0
  m_CorrespondingSourceObject: {fileID: 0}
  m_PrefabInstance: {fileID: 0}
  m_PrefabAsset: {fileID: 0}
  m_GameObject: {fileID: 1429133628841694}
  m_LocalRotation: {x: 0, y: 0, z: 0, w: 1}
  m_LocalPosition: {x: 1.18, y: 2.17, z: -1}
  m_LocalScale: {x: 2, y: 2, z: 1}
  m_Children: []
  m_Father: {fileID: 0}
  m_RootOrder: 0
  m_LocalEulerAnglesHint: {x: 0, y: 0, z: 0}
--- !u!212 &212085290688193466
SpriteRenderer:
  m_ObjectHideFlags: 0
  m_CorrespondingSourceObject: {fileID: 0}
  m_PrefabInstance: {fileID: 0}
  m_PrefabAsset: {fileID: 0}
  m_GameObject: {fileID: 1429133628841694}
  m_Enabled: 1
  m_CastShadows: 0
  m_ReceiveShadows: 0
  m_DynamicOccludee: 1
  m_MotionVectors: 1
  m_LightProbeUsage: 1
  m_ReflectionProbeUsage: 1
  m_RenderingLayerMask: 4294967295
  m_RendererPriority: 0
  m_Materials:
  - {fileID: 10754, guid: 0000000000000000f000000000000000, type: 0}
  m_StaticBatchInfo:
    firstSubMesh: 0
    subMeshCount: 0
  m_StaticBatchRoot: {fileID: 0}
  m_ProbeAnchor: {fileID: 0}
  m_LightProbeVolumeOverride: {fileID: 0}
  m_ScaleInLightmap: 1
  m_PreserveUVs: 0
  m_IgnoreNormalsForChartDetection: 0
  m_ImportantGI: 0
  m_StitchLightmapSeams: 0
  m_SelectedEditorRenderState: 0
  m_MinimumChartSize: 4
  m_AutoUVMaxDistance: 0.5
  m_AutoUVMaxAngle: 89
  m_LightmapParameters: {fileID: 0}
  m_SortingLayerID: 0
  m_SortingLayer: 0
  m_SortingOrder: 5
  m_Sprite: {fileID: 21300000, guid: be4c5798763f13d4497a325adfc79eb7, type: 3}
  m_Color: {r: 0.077205904, g: 0.8419877, b: 0.875, a: 1}
  m_FlipX: 1
  m_FlipY: 0
  m_DrawMode: 0
  m_Size: {x: 0.16, y: 0.16}
  m_AdaptiveModeThreshold: 0.5
  m_SpriteTileMode: 0
  m_WasSpriteAssigned: 1
  m_MaskInteraction: 0
  m_SpriteSortPoint: 0
--- !u!61 &61098060578350550
BoxCollider2D:
  m_ObjectHideFlags: 0
  m_CorrespondingSourceObject: {fileID: 0}
  m_PrefabInstance: {fileID: 0}
  m_PrefabAsset: {fileID: 0}
  m_GameObject: {fileID: 1429133628841694}
  m_Enabled: 1
  m_Density: 1
  m_Material: {fileID: 0}
  m_IsTrigger: 1
  m_UsedByEffector: 0
  m_UsedByComposite: 0
  m_Offset: {x: -0.002245903, y: -0.012769669}
  m_SpriteTilingProperty:
    border: {x: 0, y: 0, z: 0, w: 0}
    pivot: {x: 0.5000002, y: 0.10008861}
    oldSize: {x: 0.15625, y: 0.84375}
    newSize: {x: 0.16, y: 0.16}
    adaptiveTilingThreshold: 0.5
    drawMode: 0
    adaptiveTiling: 0
  m_AutoTiling: 0
  serializedVersion: 2
  m_Size: {x: 0.10091114, y: 0.7170544}
  m_EdgeRadius: 0
--- !u!114 &114580843796607018
MonoBehaviour:
  m_ObjectHideFlags: 0
  m_CorrespondingSourceObject: {fileID: 0}
  m_PrefabInstance: {fileID: 0}
  m_PrefabAsset: {fileID: 0}
  m_GameObject: {fileID: 1429133628841694}
  m_Enabled: 1
  m_EditorHideFlags: 0
  m_Script: {fileID: 11500000, guid: 3d4fd1c2d131f614096b82c5b712a643, type: 3}
  m_Name: 
  m_EditorClassIdentifier: 
  Hit: {fileID: 114318741456736786, guid: 050492d82dd9b3b49ae9a382fa11732e, type: 3}
--- !u!114 &114352621418333374
MonoBehaviour:
  m_ObjectHideFlags: 0
  m_CorrespondingSourceObject: {fileID: 0}
  m_PrefabInstance: {fileID: 0}
  m_PrefabAsset: {fileID: 0}
  m_GameObject: {fileID: 1429133628841694}
  m_Enabled: 1
  m_EditorHideFlags: 0
  m_Script: {fileID: 11500000, guid: 07cc1036d63f2f04d83efd553fbdc1e0, type: 3}
  m_Name: 
  m_EditorClassIdentifier: 
  ItemIcon: {fileID: 0}
  ItemDescription: 
  ItemName: 
  IsEquipped: 0
  ItemType: 0
  AttackPower:
    BaseValue: 0
    Modifiers: []
    StatBuffs: []
  SpellPower:
    BaseValue: 0
    Modifiers: []
    StatBuffs: []
  Armor:
    BaseValue: 0
    Modifiers: []
    StatBuffs: []
  Strength:
    BaseValue: 0
    Modifiers: []
    StatBuffs: []
  Intelligence:
    BaseValue: 0
    Modifiers: []
    StatBuffs: []
  Agility:
    BaseValue: 0
    Modifiers: []
    StatBuffs: []
  CritChance:
    BaseValue: 0
    Modifiers: []
    StatBuffs: []
  AttackSpeed:
    BaseValue: 0
    Modifiers: []
    StatBuffs: []
  LifeSteal:
    BaseValue: 0
    Modifiers: []
    StatBuffs: []
  ResourceRegen:
    BaseValue: 0
    Modifiers: []
    StatBuffs: []
  HealthRegen:
    BaseValue: 0
    Modifiers: []
    StatBuffs: []
  HealthMax:
    BaseValue: 0
    Modifiers: []
    StatBuffs: []
  AuraEffect: {fileID: 0}
  Effect1: {fileID: 0}
  Effect2: {fileID: 0}
  Effect3: {fileID: 0}
  Effect4: {fileID: 0}
  GearSprites: {fileID: 0}
