%YAML 1.1
%TAG !u! tag:unity3d.com,2011:
--- !u!1001 &100100000
Prefab:
  m_ObjectHideFlags: 1
  serializedVersion: 2
  m_Modification:
    m_TransformParent: {fileID: 0}
    m_Modifications: []
    m_RemovedComponents: []
  m_SourcePrefab: {fileID: 0}
  m_RootGameObject: {fileID: 1756841861383474}
  m_IsPrefabAsset: 1
--- !u!1 &1756841861383474
GameObject:
  m_ObjectHideFlags: 0
  m_CorrespondingSourceObject: {fileID: 0}
  m_PrefabInternal: {fileID: 100100000}
  serializedVersion: 6
  m_Component:
  - component: {fileID: 4104058470869390}
  - component: {fileID: 212898639828920134}
  - component: {fileID: 114507171890182732}
  - component: {fileID: 60724540423804050}
  m_Layer: 0
  m_Name: WaterBlobs_2
  m_TagString: Untagged
  m_Icon: {fileID: 0}
  m_NavMeshLayer: 0
  m_StaticEditorFlags: 0
  m_IsActive: 1
--- !u!4 &4104058470869390
Transform:
  m_ObjectHideFlags: 1
  m_CorrespondingSourceObject: {fileID: 0}
  m_PrefabInternal: {fileID: 100100000}
  m_GameObject: {fileID: 1756841861383474}
  m_LocalRotation: {x: 0, y: 0, z: 0, w: 1}
  m_LocalPosition: {x: 120.50565, y: 24.784306, z: -0.1}
  m_LocalScale: {x: 1, y: 1, z: 1}
  m_Children: []
  m_Father: {fileID: 0}
  m_RootOrder: 0
  m_LocalEulerAnglesHint: {x: 0, y: 0, z: 0}
--- !u!60 &60724540423804050
PolygonCollider2D:
  m_ObjectHideFlags: 1
  m_CorrespondingSourceObject: {fileID: 0}
  m_PrefabInternal: {fileID: 100100000}
  m_GameObject: {fileID: 1756841861383474}
  m_Enabled: 1
  m_Density: 1
  m_Material: {fileID: 0}
  m_IsTrigger: 1
  m_UsedByEffector: 0
  m_UsedByComposite: 0
  m_Offset: {x: 0, y: 0}
  m_SpriteTilingProperty:
    border: {x: 0, y: 0, z: 0, w: 0}
    pivot: {x: 0.5, y: 0.5}
    oldSize: {x: 25.5, y: 13.5}
    newSize: {x: 25.5, y: 13.5}
    adaptiveTilingThreshold: 0.5
    drawMode: 0
    adaptiveTiling: 0
  m_AutoTiling: 0
  m_Points:
    m_Paths:
    - - {x: 9.438778, y: -3.4489021}
      - {x: 10.820408, y: -3.4217567}
      - {x: 10.933994, y: -1.8699379}
      - {x: 12.36993, y: -1.9202805}
      - {x: 12.405495, y: 3.373127}
      - {x: 10.915199, y: 3.4249268}
      - {x: 10.914642, y: 6.317337}
      - {x: 8.635002, y: 6.348892}
      - {x: 8.558945, y: 4.754986}
      - {x: 7.198742, y: 4.757595}
      - {x: 7.023468, y: 3.321373}
      - {x: 4.2024, y: 3.3667488}
      - {x: 3.8749428, y: 1.947998}
      - {x: -1.255619, y: 1.9364471}
      - {x: -1.0428085, y: 2.3245773}
      - {x: -1.1018867, y: 3.3301506}
      - {x: -1.7193489, y: 3.4463615}
      - {x: -5.1718826, y: 3.44479}
      - {x: -6.2658615, y: 3.2725182}
      - {x: -6.4273643, y: 2.7973785}
      - {x: -6.4566917, y: 1.8128662}
      - {x: -6.910568, y: 1.8286667}
      - {x: -7.1806335, y: 1.9822502}
      - {x: -11.0682335, y: 1.9149666}
      - {x: -12.325462, y: 1.8030548}
      - {x: -12.395836, y: -3.3617134}
      - {x: -11.057903, y: -3.3493958}
      - {x: -10.877964, y: -4.8676414}
      - {x: -7.996422, y: -4.910343}
      - {x: -7.9491997, y: -6.3852386}
      - {x: -5.993469, y: -6.4508133}
      - {x: -5.593319, y: -6.415249}
      - {x: -5.4946823, y: -4.9993744}
      - {x: -4.19907, y: -4.8842697}
      - {x: -4.048996, y: -3.320362}
      - {x: -3.3351822, y: -3.446907}
      - {x: -1.6768456, y: -3.4334602}
      - {x: -1.2007637, y: -3.3830223}
      - {x: -1.1040611, y: -1.8515282}
      - {x: 2.569622, y: -1.8608055}
      - {x: 2.571888, y: -3.3288612}
      - {x: 5.5362473, y: -3.4620552}
      - {x: 5.6136627, y: -4.8218117}
      - {x: 9.321552, y: -4.8863373}
--- !u!114 &114507171890182732
MonoBehaviour:
  m_ObjectHideFlags: 1
  m_CorrespondingSourceObject: {fileID: 0}
  m_PrefabInternal: {fileID: 100100000}
  m_GameObject: {fileID: 1756841861383474}
  m_Enabled: 1
  m_EditorHideFlags: 0
  m_Script: {fileID: 11500000, guid: 932f34e128a9d254b8787c36eb796946, type: 3}
  m_Name: 
  m_EditorClassIdentifier: 
  SinkFactors: {x: 1, y: 1}
  SinkSpeed: 12
--- !u!212 &212898639828920134
SpriteRenderer:
  m_ObjectHideFlags: 1
  m_CorrespondingSourceObject: {fileID: 0}
  m_PrefabInternal: {fileID: 100100000}
  m_GameObject: {fileID: 1756841861383474}
  m_Enabled: 1
  m_CastShadows: 0
  m_ReceiveShadows: 0
  m_DynamicOccludee: 1
  m_MotionVectors: 1
  m_LightProbeUsage: 1
  m_ReflectionProbeUsage: 1
  m_RenderingLayerMask: 4294967295
  m_Materials:
  - {fileID: 10754, guid: 0000000000000000f000000000000000, type: 0}
  m_StaticBatchInfo:
    firstSubMesh: 0
    subMeshCount: 0
  m_StaticBatchRoot: {fileID: 0}
  m_ProbeAnchor: {fileID: 0}
  m_LightProbeVolumeOverride: {fileID: 0}
  m_ScaleInLightmap: 1
  m_PreserveUVs: 0
  m_IgnoreNormalsForChartDetection: 0
  m_ImportantGI: 0
  m_StitchLightmapSeams: 0
  m_SelectedEditorRenderState: 0
  m_MinimumChartSize: 4
  m_AutoUVMaxDistance: 0.5
  m_AutoUVMaxAngle: 89
  m_LightmapParameters: {fileID: 0}
  m_SortingLayerID: 335619707
  m_SortingLayer: 2
  m_SortingOrder: 0
  m_Sprite: {fileID: 21300004, guid: 39d317254a896e64bae8f510f55d389e, type: 3}
  m_Color: {r: 1, g: 1, b: 1, a: 1}
  m_FlipX: 0
  m_FlipY: 0
  m_DrawMode: 0
  m_Size: {x: 25.5, y: 13.5}
  m_AdaptiveModeThreshold: 0.5
  m_SpriteTileMode: 0
  m_WasSpriteAssigned: 1
  m_MaskInteraction: 0
  m_SpriteSortPoint: 0
